<?xml version="1.0" encoding="UTF-8"?><collection xmlns="http://www.loc.gov/MARC21/slim"><record><leader>00694nam--2200181-i-4500</leader><controlfield tag="001">000001897</controlfield><controlfield tag="002">20161230</controlfield><controlfield tag="005">20161230201024</controlfield><controlfield tag="008">060222s1000------------r-----000-0-eng-d</controlfield><datafield ind1=" " ind2=" " tag="040"><subfield code="a">IFIN-HH</subfield></datafield><datafield ind1=" " ind2=" " tag="080"><subfield code="a">661(038)=00:801.323.9</subfield></datafield><datafield ind1="1" ind2=" " tag="100"><subfield code="a">Dorian, A.F</subfield></datafield><datafield ind1="1" ind2="0" tag="245"><subfield code="a">Elsevier dictionnaire de chimie industrielle. en six langues: anglais/americain, francais, espagnol, italien, hollandais et allemand</subfield><subfield code="b">Elsevier's dictionary of industrial chemistry in six languages english/american, french, spanich, italian, dutch and german</subfield><subfield code="c">A.f. dorian</subfield></datafield><datafield ind1=" " ind2=" " tag="260"><subfield code="a">Paris</subfield><subfield code="b">Dunod</subfield><subfield code="c">1964</subfield></datafield><datafield ind1=" " ind2=" " tag="300"><subfield code="a">2 VOL</subfield></datafield><datafield ind1="1" ind2=" " tag="787"><subfield code="a">Vol. 2.P-z, Index </subfield><subfield code="h">/Pag.Dif.</subfield></datafield><datafield ind1=" " ind2=" " tag="852"><subfield code="a">D.335</subfield><subfield code="c">SLC</subfield></datafield><datafield ind1=" " ind2=" " tag="CAT"><subfield code="a">Sys</subfield><subfield code="c">20130228</subfield><subfield code="h">171812</subfield></datafield></record></collection>